<record><leader>00000cas a22000007a 4500</leader><controlfield tag="001">13294946</controlfield><controlfield tag="008">860314d1852185uscuir ne      0    0eng d</controlfield><datafield ind1=" " ind2=" " tag="010"><subfield code="a">sn 86053185 </subfield></datafield><datafield ind1=" " ind2=" " tag="040"><subfield code="a">NPX</subfield><subfield code="b">eng</subfield><subfield code="c">NPX</subfield><subfield code="d">OCLCQ</subfield></datafield><datafield ind1=" " ind2=" " tag="042"><subfield code="a">msc</subfield></datafield><datafield ind1="0" ind2=" " tag="130"><subfield code="a">Tri-weekly news (Charleston, S.C.)</subfield></datafield><datafield ind1="1" ind2="4" tag="245"><subfield code="a">The tri-weekly news.</subfield></datafield><datafield ind1="1" ind2="7" tag="246"><subfield code="a">Charleston tri-weekly news</subfield></datafield><datafield ind1=" " ind2=" " tag="260"><subfield code="a">Charleston, S.C. :</subfield><subfield code="b">W.Y. Paxton</subfield></datafield><datafield ind1=" " ind2=" " tag="300"><subfield code="a">v.</subfield></datafield><datafield ind1=" " ind2=" " tag="310"><subfield code="a">Triweekly</subfield></datafield><datafield ind1="1" ind2=" " tag="362"><subfield code="a">Began with Nov. 14, 1852 issue?</subfield><subfield code="z">Cf. Gregory, W. Amer. newspapers.</subfield></datafield><datafield ind1=" " ind2=" " tag="588"><subfield code="a">Description based on: Vol. 1, no. 6 (Nov. 27, 1852).</subfield></datafield><datafield ind1=" " ind2=" " tag="752"><subfield code="a">United States</subfield><subfield code="b">South Carolina</subfield><subfield code="c">Charleston</subfield><subfield code="d">Charleston.</subfield></datafield><datafield ind1="0" ind2=" " tag="775"><subfield code="t">Charleston evening news</subfield><subfield code="w">(DLC)sn 84026970</subfield></datafield><datafield ind1="0" ind2=" " tag="775"><subfield code="t">Weekly news (Charleston, S.C. : 1851)</subfield><subfield code="w">(DLC)sn 85042667</subfield></datafield><datafield ind1="0" ind2="0" tag="785"><subfield code="t">Charleston news, tri-weekly</subfield><subfield code="w">(DLC)sn 85042666</subfield></datafield></record>